@inproceedings{dbscan,
	title={A density-based algorithm for discovering clusters in large spatial databases with noise.},
	author={Ester, Martin and Kriegel, Hans-Peter and Sander, J{\"o}rg and Xu, Xiaowei and others},
	booktitle={Kdd},
	volume={96},
	number={34},
	pages={226--231},
	year={1996}
}

@inproceedings{tiny_yolo,
	author={P. {Adarsh} and P. {Rathi} and M. {Kumar}},
	booktitle={2020 6th International Conference on Advanced Computing and Communication Systems (ICACCS)}, 
	title={YOLO v3-Tiny: Object Detection and Recognition using one stage improved model}, 
	year={2020},
	volume={},
	number={},
	pages={687-694},
	doi={10.1109/ICACCS48705.2020.9074315}
}

@article{yolo,
	title={YOLOv3: An Incremental Improvement},
	author={Redmon, Joseph and Farhadi, Ali},
	journal = {arXiv},
	year={2018}
}

@article{opencv,
	author = {Bradski, G.},
	journal = {Dr. Dobb's Journal of Software Tools},
	keywords = {bibtex-import},
	posted-at = {2008-01-15 19:21:54},
	priority = {4},
	title = {{The OpenCV Library}},
	year = {2000}
}

@article{numpy,
	title         = {Array programming with {numpy}},
	author        = {Charles R. Harris and K. Jarrod Millman and St{'{e}}fan J.
				  van der Walt and Ralf Gommers and Pauli Virtanen and David
				  Cournapeau and Eric Wieser and Julian Taylor and Sebastian
				  Berg and Nathaniel J. Smith and Robert Kern and Matti Picus
				  and Stephan Hoyer and Marten H. van Kerkwijk and Matthew
				  Brett and Allan Haldane and Jaime Fern{'{a}}ndez del
				  R{'{\i}}o and Mark Wiebe and Pearu Peterson and Pierre
				  G{'{e}}rard-Marchant and Kevin Sheppard and Tyler Reddy and
				  Warren Weckesser and Hameer Abbasi and Christoph Gohlke and
				  Travis E. Oliphant},
	year          = {2020},
	month         = sep,
	journal       = {Nature},
	volume        = {585},
	number        = {7825},
	pages         = {357--362},
	doi           = {10.1038/s41586-020-2649-2},
	publisher     = {Springer Science and Business Media {LLC}},
	url           = {https://doi.org/10.1038/s41586-020-2649-2}
}

@article{scikit,
	title={Scikit-learn: Machine learning in Python},
	author={Pedregosa, Fabian and Varoquaux, Ga{\"e}l and Gramfort, Alexandre and Michel, Vincent and Thirion, Bertrand and Grisel, Olivier and Blondel, Mathieu and Prettenhofer, Peter and Weiss, Ron and Dubourg, Vincent and others},
	journal={Journal of machine learning research},
	volume={12},
	number={Oct},
	pages={2825--2830},
	year={2011}
}

@article{matplotlib,
	Author    = {Hunter, J. D.},
	Title     = {Matplotlib: A 2D graphics environment},
	Journal   = {Computing in Science \& Engineering},
	Volume    = {9},
	Number    = {3},
	Pages     = {90--95},
	abstract  = {Matplotlib is a 2D graphics package used for Python for
			  application development, interactive scripting, and publication-quality
			  image generation across user interfaces and operating systems.},
	publisher = {IEEE COMPUTER SOC},
	doi       = {10.1109/MCSE.2007.55},
	year      = 2007
}

@misc{imutils,
	title={Imutils},
	author={Rosebrock, A},
	url={https://github.com/jrosebr1/imutils}
}


@book{OpenGL,
	title={OpenGL programming guide: the official guide to learning OpenGL, versions 3.0 and 3.1},
	author={Shreiner, Dave and Bill The Khronos OpenGL ARB Working Group and others},
	year={2009},
	publisher={Pearson Education}
}

@article{positioning,
	title={Implementing positioning algorithms using accelerometers},
	author={Seifert, Kurt and Camacho, Oscar},
	journal={Freescale Semiconductor},
	pages={1--13},
	year={2007}
}

@inproceedings{pages2016tiago,
	title={Tiago: the modular robot that adapts to different research needs},
	author={Pages, Jordi and Marchionni, Luca and Ferro, Francesco},
	booktitle={International workshop on robot modularity, IROS},
	year={2016}
} 

@misc{tiago_datasheet,
	title={TIAGo datasheet},
	url={https://pal-robotics.com/wp-content/uploads/2019/07/Datasheet_TIAGo_Complete.pdf}
} 

@misc{change4,
	title={Far side of the moon: China's Chang'e 4 probe makes historic touchdown},
	url={https://www.theguardian.com/science/2019/jan/03/china-probe-change-4-land-far-side-moon-basin-crater},
	journal={The Guardian},
	publisher={Guardian News and Media},
	author={Devlin, Hannah and Lyons, Kate},
	year={2019},
	month={Jan}
} 

@misc{tiagoiron,
	title={Webots User Guide: PAL Robotics' TIAGo Iron},
	url={https://cyberbotics.com/doc/guide/tiago-iron},
	journal={Webots},
	publisher={Cyberbotics Ltd.},
	author={Webots}
}

@misc{webotsRosSetup,
	title={Webots User Guide: Tutorial 8: Using ROS },
	url={https://www.cyberbotics.com/doc/guide/tutorial-8-using-ros},
	journal={Webots},
	publisher={Cyberbotics Ltd.},
	author={Webots}
}

@misc{ros.org,
	title={ ROS documentation from ROS.org.  },
	url={https://wiki.ros.org/ROS/Tutorials},
	journal={ros.org}
} 

@misc{cyberbotics,
	title={cyberbotics/webots_ros},
	url={https://github.com/cyberbotics/webots_ros},
	journal={Github},
	author={Cyberbotics}
} 

@misc{math,
	title={math - Mathematical functions},
	url={https://docs.python.org/3/library/math.html},
	journal={math - Mathematical functions - Python 3.9.1 documentation}
} 


@article{otsu,
	title={A threshold selection method from gray-level histograms},
	author={Otsu, Nobuyuki},
	journal={IEEE transactions on systems, man, and cybernetics},
	volume={9},
	number={1},
	pages={62--66},
	year={1979},
	publisher={IEEE}
}

@article{contours,
	title={Topological structural analysis of digitized binary images by border following},
	author={Suzuki, Satoshi and others},
	journal={Computer vision, graphics, and image processing},
	volume={30},
	number={1},
	pages={32--46},
	year={1985},
	publisher={Elsevier}
}

@inproceedings{503814,
  author={I. {Kamon} and E. {Rivlin} and E. {Rimon}},
  booktitle={Proceedings of IEEE International Conference on Robotics and Automation}, 
  title={A new range-sensor based globally convergent navigation algorithm for mobile robots}, 
  year={1996},
  volume={1},
  number={},
  pages={429-435 vol.1},
  doi={10.1109/ROBOT.1996.503814}}
  
@incollection{tay2008bayesian,
  title={The Bayesian occupation filter},
  author={Tay, MK and Mekhnacha, Kamel and Yguel, Manuel and Coue, Christophe and Pradalier, C{\'e}dric and Laugier, Christian and Fraichard, Th and Bessiere, Pierre},
  booktitle={Probabilistic Reasoning and Decision Making in Sensory-Motor Systems},
  pages={77--98},
  year={2008},
  publisher={Springer}
}

